@book{Kalitkin_1978,
	author = {Калиткин, Н.~Н.},
	title     = {Численные методы},
	year      = {1978},
	publisher = {Наука},
	address   = {Москва},
	pages = {512},
	language={russian}
}

@book{Cheng_2016,
  author    = {Cheng, A. H.-D.},
  title     = {Poroelasticity},
  language  = {english},
  publisher = {Springer},
  address   = {Switzerland},
  numpages  = {877},
  pages     = {877},
  year      = {2016}
}

@book{Barenblatt_Entov_Ryzhik_1984,
  author    = {Баренблатт, Г. И. and Ентов, В. М. and Рыжик, В. М.},
  title     = {Движение жидкостей и газов в природных пластах},
  language  = {russian},
  publisher = {Недра},
  address   = {Москва},
  numpages  = {211},
  pages     = {211},
  year      = {1984}
}
@book{Collins_1984,
  author    = {Коллинз, Р.},
  title     = {Течения жидкостей через пористые материалы},
  language  = {russian},
  publisher = {Мир},
  address   = {Москва},
  numpages  = {350},
  pages     = {350},
  year      = {1964}
}

@book{Zenkevich_1986,
  author    = {Зенкевич,О.Морган, К.},
  title     = {Конечные элементы и аппроксимация},
  language  = {russian},
  publisher = {Мир},
  address   = {Москва},
  numpages  = {318},
  pages     = {318},
  year      = {1986}
}